@misc{rfc6455,
  author="I. Fette and A. Melnikov",
  title="{The WebSocket Protocol}",
  series="Request for Comments",
  number="6455",
  howpublished="RFC 6455 (Proposed Standard)",
  publisher="IETF",
  organization="Internet Engineering Task Force",
  year=2011,
  month=dec,
    url="http://www.ietf.org/rfc/rfc6455.txt",
},
@misc{rfc2616,
  author="R. Fielding and J. Gettys and J. Mogul and H. Frystyk and L. Masinter and P. Leach and T. Berners-Lee",
  title="{Hypertext Transfer Protocol -- HTTP/1.1}",
  series="Request for Comments",
  number="2616",
  howpublished="RFC 2616 (Draft Standard)",
  publisher="IETF",
  organization="Internet Engineering Task Force",
  year=1999,
  month=jun,
    note="Obsoleted by RFCs 7230, 7231, 7232, 7233, 7234, 7235, updated by RFCs 2817, 5785, 6266, 6585",
  url="http://www.ietf.org/rfc/rfc2616.txt",
}
@article{performanceEvaluationOfWebsocketProtocol,
    author="D. Skvorc and M. Horvat and S. Srbljic",
    title="{Performance Evaluation of Websocket Protocol for Implementation of Full-Duplex Web Streams}",
    organization="University of Zagreb/School of Electrical Engineering and Computing, Zagreb, Croatia",
    publisher="MIPRO"
    year=2014
    month=may,
}
@ARTICLE{communicationAndDIsplayingRealTimeDataWithWebSocket,
author={Pimentel, V. and Nickerson, B.G.},
journal={Internet Computing, IEEE},
title={Communicating and Displaying Real-Time Data with WebSocket},
year={2012},
volume={16},
number={4},
pages={45-53},
keywords={Internet;file servers;hypermedia;protocols;real-time systems;HTTP connection;HTTP polling;Internet communication;Jetty servlet;Web servers;WebSocket connection;WebSocket protocol latency;hyperlinked information;real-time data display;real-time data exchange;real-time wind sensor data;stateless information exchange;transmission latency;Base stations;Internet;Protocols;Real time systems;Servers;Synchronization;Web and internet services;Wide area networks;Base stations;Computers;Internet;Protocols;Real time systems;Servers;Synchronization;Web servers;Web technologies;WebSocket;communications applications;data communications aspects;latency;real time;wide area networks},
doi={10.1109/MIC.2012.64},
ISSN={1089-7801},
month={July},}
@INPROCEEDINGS{RealTimeMonitoringUsingAJAXAndWebSockets,
author={Puranik, D.G. and Feiock, D.C. and Hill, J.H.},
booktitle={Engineering of Computer Based Systems (ECBS), 2013 20th IEEE International Conference and Workshops on the},
title={Real-Time Monitoring using AJAX and WebSockets},
year={2013},
pages={110-118},
keywords={Internet;Java;XML;embedded systems;monitoring;protocols;public domain software;software architecture;AJAX;DRE systems;OASIS;WebSockets;World Wide Web;XML;asynchronous JavaScript;distributed real-time systems;embedded systems;open-source architecture;protocol;real-time monitoring;software instrumentation of systems;unconventional programming;Bandwidth;Memory management;Probes;Protocols;Real-time systems;Software},
doi={10.1109/ECBS.2013.10},
month={April},}
@MISC{talkingtoyourself,
    author = {Lin-shung Huang and Eric Y. Chen and Adam Barth and Eric Rescorla and Collin Jackson},
    title = {Talking to Yourself for Fun and Profit},
    year = {}
}
@ONLINE{HighPerfBrowserNetworking:polling,
author = {Ilya Grigorik},
title = "{High-Performance Browser Networking - XMLHttpRequest}",
year = {2013},
url = {http://chimera.labs.oreilly.com/books/1230000000545/ch15.html},
 urldate = {2015-10-20}
}
@online{HighPerfBrowserNetworking:websocket,
author = {Ilya Grigorik},
title = "{High-Performance Browser Networking - WebSocket}",
year = {2013},
url = {http://chimera.labs.oreilly.com/books/1230000000545/ch17.html},
 urldate = {2015-10-20}
}
@article{collinalatency,
  title={Latency Analysis of Real-Time Web protocols over a Satellite Link},
  author={Collina, M and Vanelli-Coralli, A and Caini, C and Corazza, GE and Secchi, R}
}
@INPROCEEDINGS{roadblock, 
author={Agarwal, S.}, 
booktitle={Communications (ICC), 2012 IEEE International Conference on}, 
title={Real-time web application roadblock: Performance penalty of HTML sockets}, 
year={2012}, 
pages={1225-1229}, 
keywords={3G mobile communication;Internet;authorisation;cellular radio;hypermedia markup languages;transport protocols;3G cellular data Internet connections;HTML socket streams;HTML5 Web sockets;HTTP proxies;HTTPS protocols;XHR-polling;data payload delivery delay;raw TCP streams;real-time Web application roadblock;security firewalls;Browsers;Delay;HTML;Internet;Protocols;Servers;Sockets}, 
doi={10.1109/ICC.2012.6364271}, 
ISSN={1550-3607}, 
month={June},}
@INPROCEEDINGS{EV, 
author={Perez, J. and Nurminen, J.K.}, 
booktitle={Innovative Smart Grid Technologies Europe (ISGT EUROPE), 2013 4th IEEE/PES}, 
title={Electric vehicles communicating with WebSockets - measurements and estimations}, 
year={2013}, 
pages={1-5}, 
keywords={Android (operating system);cellular radio;electric vehicles;hypermedia markup languages;power engineering computing;transport protocols;Android application;EV fleet;HTML5;HTTP;TCP;WebSocket technology;cellular technology;electric vehicle;encoding technique;sampling technique;Bit rate;Delays;GSM;Roads;Servers;Smart grids;Vehicles;HTML5;WebSocket;cellular;communication;electric vehicle;mobile}, 
doi={10.1109/ISGTEurope.2013.6695313}, 
month={Oct},}
